1846 3136
515 97 612 123 LIFE
644 97 693 121 OF
724 96 878 121 BisnoP
915 96 1165 122 DAVENANT‚
1463 82 1566 120 XXVli

156 224 299 276 gratias
319 223 459 262 habere
477 237 610 261 eorum
634 223 929 261 Dominationes
951 224 1000 260 ob
1021 222 1173 259 labores
1191 220 1408 271 synodicos
1430 229 1565 259 exant-

154 289 294 327 lantos.
357 288 537 325 Proximo
559 288 596 324 in
617 287 704 325 loco
732 287 929 337 postulare
950 293 993 323 ut
1009 285 1217 323 Confessio
1240 284 1400 334 Belgica
1416 285 1566 334 perlus-

154 360 294 391 tretur:
327 352 380 389 ita
401 361 530 389 tamen
552 359 594 389 ut
614 352 696 389 sine
718 352 824 401 gravi
845 364 965 388 causa
981 350 1076 387 nihil
1099 351 1335 394 immutetur,
1357 362 1428 386 nec
1450 349 1564 399 phra-

154 417 251 454 sium
286 416 623 466 grammaticarum
666 415 827 465 argutiis
865 414 1015 451 curiose
1060 413 1273 450 insistatur.
1351 413 1393 449 In
1429 412 1566 449 eadem

147 478 305 529 judiciis
332 471 615 530 ‘synodicorum
650 477 908 528 subjiciuntur
948 484 1100 514 tantum
1142 489 1187 513 ea
1230 488 1318 525 quac
1350 475 1564 512 doctrinam

152 550 343 593 spectant,
388 543 543 580 omissis
583 556 740 592 prorsus
791 543 845 579 eis
880 554 968 591 quae
1003 540 1264 590 disciplinam.
1342 540 1567 576 Intercurrit

151 607 317 657 quaestio
338 607 386 644 de
408 607 632 645 authentico
653 606 886 656 exemplari3
919 605 1083 642 sumitur
1100 604 1196 642 illud
1217 603 1322 653 quod
1345 604 1381 640 in
1404 603 1565 640 ecclesi-

149 682 256 706 arum
275 669 566 707 reformatarum
587 669 900 706 confessionibus
932 669 1108 706 habetur.
1176 668 1316 704 Totum
1350 666 1562 716 perlegitur

149 736 417 785 praetermissis
434 736 500 786 qui
517 735 764 785 disciplinam
786 734 1091 772 ecclesiasticam
1116 733 1282 770 attinent
1302 731 1503 769 articulis.'

581 804 605 821 ‘⁶
637 804 645 819 ‘
678 800 809 835 Sessio
837 800 923 843 145,
956 797 1062 847 April
1082 799 1146 841 30,
1178 794 1511 832 Antemeridiana.

162 866 186 883 “
221 867 230 884 ‘
261 862 465 911 Rogantur
495 861 543 899 de
574 862 647 898 hac
675 862 921 898 confessione
943 860 1140 910 suffragia.
1200 859 1314 896 Dom.
1346 858 1563 908 Episcopus

153 925 415 963 Landavensis
436 926 566 962 omnia
583 926 771 964 doctrinae
787 926 917 976 capita
933 925 1084 974 probat,
1107 925 1255 960 interea
1271 930 1398 960 tamen
1417 921 1465 958 de
1484 921 1563 959 dis-

148 988 291 1039 ciplina
310 990 444 1039 paucis
458 997 612 1032 monet;
636 995 872 1039 “nunquam
895 989 931 1025 iu
950 988 1118 1025 ecclesia
1131 987 1346 1024 obtinuisse
1362 986 1560 1023 Ministro-

109 742 119 756 ¹·
107 674 118 690 ἢ
110 613 120 629 0·
112 550 120 564 α
110 483 122 500 Α
113 422 124 438 α
114 358 123 374 σε
112 295 124 311 o«
111 232 123 248 o«

149 1069 231 1092 rum
258 1056 483 1105 paritatem:
516 1070 593 1093 non
618 1064 789 1106 tempore
817 1055 961 1093 Christi
993 1054 1138 1104 ipsius3
1169 1061 1250 1090 tnm
1282 1053 1385 1090 enim
1413 1052 1564 1089 duode-

148 1118 222 1156 cim
248 1119 458 1169 Apostolos
489 1120 607 1157 fuisse
647 1119 850 1168 discipulis
892 1117 1138 1167 superiores:
1177 1130 1253 1153 non
1279 1115 1559 1166 *Apostolorum

149 1190 278 1225 aetate,
306 1195 381 1219 non
404 1184 622 1220 subsecutis
655 1182 809 1220 saeculis
829 1195 837 1219 :
874 1194 945 1219 nec
966 1180 1092 1218 valere
1114 1180 1300 1217 rationem
1319 1180 1357 1216 in
1374 1179 1448 1216 hac
1465 1192 1559 1216 con-
1615 1170 1619 1175 ’

150 1245 317 1282 sessione
353 1253 590 1296 usurpatam,
632 1259 769 1295 nempe
806 1245 898 1294 quia
943 1257 1078 1282 omnes
1124 1251 1215 1281 sunt
1247 1256 1359 1293 aeque
1398 1243 1565 1279 ministri

154 1310 321 1348 Christi:
357 1323 443 1347 nam
483 1318 521 1347 et
543 1313 591 1347 70
628 1310 810 1360 discipuli
847 1317 956 1346 eraut
978 1309 1146 1345 Ministri
1169 1309 1332 1345 Christri
1371 1322 1482 1359 aeque
1518 1322 1563 1346 ac

155 1374 343 1424 Apostoli,
374 1387 450 1411 non
474 1381 603 1412 tamen
631 1374 720 1411 inde
737 1373 936 1424 Apostolis
959 1373 1155 1423 aequales;
1187 1380 1226 1410 et
1246 1385 1382 1410 omnes
1404 1373 1562 1411 omnino

152 1439 326 1475 homines
349 1445 440 1475 sunt
460 1452 571 1488 aeque
592 1438 783 1484 homines,
821 1451 898 1474 non
917 1437 1006 1475 inde
1034 1444 1164 1474 tamen
1184 1437 1300 1474 homo
1318 1437 1462 1474 homini
1484 1450 1562 1475 non

151 1500 267 1537 debet
280 1500 481 1537 subesse.'‘
515 1501 610 1538 Haec
628 1514 704 1537 non
724 1500 772 1537 ad
787 1501 945 1537 harume
964 1500 1192 1537 eclesiarum
1206 1500 1473 1545 offensionem,
1492 1500 1563 1537 sed

150 1561 200 1599 ad
219 1569 361 1599 nostrae
372 1561 601 1612 Anglicanae
615 1562 896 1607 defensionem,
919 1576 959 1600 se
974 1564 1264 1600 substnrnuisse
1275 1562 1473 1612 professus
1487 1570 1560 1600 est.

151 1630 201 1666 Et
216 1629 372 1679 reliquis
394 1629 587 1666 Britannis
609 1642 686 1666 non
713 1628 820 1666 nulla
837 1628 913 1665 alia
933 1635 1025 1664 sunt
1045 1629 1267 1672 subnotata,
1300 1626 1348 1664 de
1365 1627 1484 1664 libero
1503 1640 1562 1664 ar-

150 1693 277 1738 bitrio,
308 1693 356 1731 de
377 1692 532 1743 passiva
553 1693 696 1730 Christi
719 1692 966 1734 obedientia;
997 1693 1210 1742 praesertim
1243 1705 1332 1729 vero
1363 1692 1410 1729 de
1432 1692 1563 1742 phrasi

151 1757 263 1794 nimis
281 1755 378 1794 dura
398 1766 436 1794 et
453 1757 637 1803 generali,
651 1770 738 1794 cum
756 1757 909 1794 dicatur
926 1756 974 1793 de
995 1756 1193 1793 canonicis
1209 1756 1315 1793 libris
1331 1756 1477 1794 nullam
1491 1770 1562 1793 un-

149 1836 266 1872 quam
298 1823 417 1860 fuisse
446 1823 772 1864 controversiam;
805 1836 893 1872 quae
931 1822 1090 1872 quidem
1125 1822 1374 1860 incommoda
1410 1823 1562 1872 phrasis

110 1892 119 1908 ‘
151 1887 243 1924 vitio
283 1887 503 1936 interpretis
544 1888 763 1936 irrepserat,
802 1900 891 1924 cum
927 1887 1114 1936 originale
1147 1887 1355 1925 Gallicam*
1386 1888 1484 1924 bene
1520 1901 1560 1924 se

110 1954 120 1970 ‘
146 1949 301 1988 habeat.
358 1950 453 1986 Item
472 1949 692 1999 exceptioni
713 1949 761 1986 de
792 1949 1001 1999 disciplina
1035 1950 1215 2000 adjicitur
1241 1963 1263 1987 a
1298 1949 1455 1999 reliquis
1480 1950 1561 1986 Bri-

111 2019 120 2035 ‘
151 2015 281 2051 tannis
315 2013 451 2050 similis
486 2014 678 2063 exceptio,
710 2013 839 2063 siquid
871 2020 1008 2050 contra
1042 2014 1238 2063 legitimos
1260 2013 1354 2051 ritus
1382 2021 1562 2051 externos

111 1828 120 1843 n
110 1763 119 1778 0¹⁴
108 1698 120 1714 λ
111 1634 120 1650 Α
110 1568 118 1583 ἢ
111 1506 120 1522 ἢ
108 1444 120 1460 Οἱ
110 1380 119 1395 ἢ
110 1316 120 1332 0-
107 1250 119 1266 λ
109 1186 119 1202 λ
110 1124 119 1140 0«
109 1061 119 1077 ἢ
108 994 118 1012 Λ
109 931 118 947 λ

112 2085 122 2101 ‘
152 2079 383 2129 generaliter
411 2078 555 2116 ibidem
586 2085 789 2117 statuatur.
844 2079 1116 2116 Britannorum
1138 2079 1438 2130 interpellationi
1463 2092 1563 2130 asy-

110 2148 120 2164 ‘
150 2142 301 2180 nodicis
318 2155 546 2192 responsum
568 2155 615 2179 ne
635 2155 698 2194 ’γρυ
717 2142 903 2193 quidemst

165 2213 189 2230 “
220 2209 350 2245 About
379 2221 400 2245 a
429 2221 520 2258 year
553 2208 650 2245 after
680 2221 749 2246 our
785 2217 929 2253 return,
961 2208 1024 2245 the
1052 2216 1135 2245 acts
1156 2208 1200 2245 of
1223 2208 1287 2246 the
1309 2209 1442 2259 Synod
1463 2223 1561 2248 were

113 2271 320 2321 published
341 2272 377 2307 in
401 2271 528 2321 print3
561 2271 740 2312 wherein,
772 2284 915 2321 among
941 2271 1051 2308 other
1071 2271 1314 2322 particulam,
1344 2272 1408 2310 the
1429 2273 1563 2324 Belgio

115 2335 345 2373 Confession
365 2336 395 2373 is
418 2343 458 2373 at
476 2335 583 2385 large
604 2344 662 2373 set
680 2335 792 2373 down
812 2336 849 2372 in
866 2337 913 2372 37
932 2336 1102 2381 articles,
1119 2336 1292 2374 whereof
1303 2344 1376 2374 two
1393 2351 1435 2375 or
1455 2337 1562 2375 three

112 2400 269 2437 contain
290 2406 428 2437 matter
458 2400 502 2437 of
527 2399 733 2449 discipline
764 2399 941 2437 received
979 2400 1016 2437 in
1052 2400 1162 2437 those
1191 2400 1406 2438 churches:
1455 2402 1564 2439 these

111 2463 240 2500 belike
267 2476 336 2500 our
355 2476 538 2501 censurer
557 2463 736 2512 viewing,
762 2464 1037 2514 proutjacent
1056 2465 1095 2500 in
1118 2465 1305 2508 terminis,
1335 2465 1563 2515 thereupon,

116 2526 277 2563 without.
293 2539 367 2577 any
387 2526 534 2564 further
554 2526 704 2572 search,
735 2526 957 2564 concluded
972 2526 1058 2563 that
1075 2527 1208 2576 Synod
1230 2527 1351 2577 guilty
1373 2527 1449 2564 and
1471 2541 1565 2565 con-

112 2588 333 2633 demnable,
363 2601 405 2626 as
425 2589 662 2638 concerning
691 2594 700 2609 ‘
738 2588 802 2625 the
829 2588 1034 2639 discipline
1052 2589 1096 2626 of
1120 2589 1184 2626 the
1207 2589 1361 2626 Church
1392 2589 1434 2626 of
1461 2591 1564 2640 Eng-

114 2650 237 2690 land.'
292 2652 368 2688 But
389 2652 467 2690 still
498 2665 554 2689 we
580 2651 674 2688 hold
695 2651 892 2689 ourselves
918 2661 957 2690 to
979 2652 1094 2690 stand
1115 2653 1231 2697 clear,
1261 2651 1338 2689 and
1373 2653 1566 2691 therefore

169 2740 185 2755 ἐ
213 2736 403 2779 Evidently
421 2737 480 2770 the
497 2737 596 2770 Latin
616 2737 761 2781 original
790 2737 829 2770 of
851 2748 915 2770 our
930 2738 1079 2771 Articles
1095 2738 1122 2770 is
1141 2739 1200 2771 the
1222 2738 1406 2771 document
1422 2739 1573 2771 referred

116 2796 161 2824 to.
